/home/peteraa/Papers/references.bib